<collection xmlns="http://www.loc.gov/MARC21/slim">
   <record>
      <leader>03943cam a2200505 i 4500</leader>
      <controlfield tag="001">6714810</controlfield>
      <controlfield tag="003">CaPaEBR</controlfield>
      <controlfield tag="005">20141013160330.0</controlfield>
      <controlfield tag="006">m    eo  d        </controlfield>
      <controlfield tag="007">cr cn |||m|||a</controlfield>
      <controlfield tag="008">141013s2015    nyu    foab   001 0 eng d</controlfield>
      <datafield ind1=" " ind2=" " tag="020">
         <subfield code="a">9781631570964</subfield>
         <subfield code="q">e-book</subfield>
      </datafield>
      <datafield ind1=" " ind2=" " tag="020">
         <subfield code="z">9781631570957</subfield>
         <subfield code="q">paperback</subfield>
      </datafield>
      <datafield ind1=" " ind2=" " tag="035">
         <subfield code="a">ocn892991212</subfield>
      </datafield>
      <datafield ind1=" " ind2=" " tag="039">
         <subfield code="a">exclude</subfield>
      </datafield>
      <datafield ind1=" " ind2=" " tag="040">
         <subfield code="a">CaBNVSL</subfield>
         <subfield code="b">eng</subfield>
         <subfield code="e">rda</subfield>
         <subfield code="c">CaBNVSL</subfield>
         <subfield code="d">CaBNVSL</subfield>
         <subfield code="d">AEU</subfield>
      </datafield>
      <datafield ind1=" " ind2="4" tag="050">
         <subfield code="a">HF5681.B2</subfield>
         <subfield code="b">M344 2015</subfield>
      </datafield>
      <datafield ind1="0" ind2="4" tag="082">
         <subfield code="a">657.3</subfield>
         <subfield code="2">23</subfield>
      </datafield>
      <datafield ind1=" " ind2=" " tag="090">
         <subfield code="a">Internet Access</subfield>
         <subfield code="b">AEU</subfield>
      </datafield>
      <datafield ind1="1" ind2=" " tag="100">
         <subfield code="a">McGowan, Carl.,</subfield>
         <subfield code="e">author.</subfield>
         <subfield code="0">http://id.loc.gov/authorities/names/no2007020048</subfield>
         <subfield code="0">http://viaf.org/viaf/92162312</subfield>
      </datafield>
      <datafield ind1="1" ind2="4" tag="245">
         <subfield code="a">The fundamentals of financial statement analysis as applied to the Coca-Cola Company /</subfield>
         <subfield code="c">Carl B. McGowan, Jr., John C. Gardner, Susan E. Moeller.</subfield>
      </datafield>
      <datafield ind1=" " ind2=" " tag="250">
         <subfield code="a">First edition.</subfield>
      </datafield>
      <datafield ind1=" " ind2="1" tag="264">
         <subfield code="a">New York, New York (222 East 46th Street, New York, NY 10017) :</subfield>
         <subfield code="b">Business Expert Press,</subfield>
         <subfield code="c">2015.</subfield>
      </datafield>
      <datafield ind1=" " ind2=" " tag="300">
         <subfield code="a">1 online resource (xii, 72 pages)</subfield>
      </datafield>
      <datafield ind1=" " ind2=" " tag="336">
         <subfield code="a">text</subfield>
         <subfield code="2">rdacontent</subfield>
         <subfield code="0">http://id.loc.gov/vocabulary/contentTypes/txt</subfield>
      </datafield>
      <datafield ind1=" " ind2=" " tag="337">
         <subfield code="a">computer</subfield>
         <subfield code="2">rdamedia</subfield>
         <subfield code="0">http://id.loc.gov/vocabulary/mediaTypes/c</subfield>
      </datafield>
      <datafield ind1=" " ind2=" " tag="338">
         <subfield code="a">online resource</subfield>
         <subfield code="2">rdacarrier</subfield>
         <subfield code="0">http://id.loc.gov/vocabulary/carriers/cr</subfield>
      </datafield>
      <datafield ind1="1" ind2=" " tag="490">
         <subfield code="a">Finance and financial management collection,</subfield>
         <subfield code="x">2331-0057</subfield>
      </datafield>
      <datafield ind1=" " ind2=" " tag="500">
         <subfield code="a">Part of: 2014 digital library.</subfield>
      </datafield>
      <datafield ind1=" " ind2=" " tag="504">
         <subfield code="a">Includes bibliographical references (page [69]) and index.</subfield>
      </datafield>
      <datafield ind1="0" ind2=" " tag="505">
         <subfield code="a">Introduction -- Internet data collection -- Financial ratio analysis calculating and graphing ratios -- The DuPont system of financial analysis.</subfield>
      </datafield>
      <datafield ind1=" " ind2=" " tag="506">
         <subfield code="a">Access restricted to authorized users and institutions.</subfield>
      </datafield>
      <datafield ind1="3" ind2=" " tag="520">
         <subfield code="a">Recent stock market crises are exacerbated by investors not understanding what has been happening to companies because investors lack an understanding of financial ratio analysis. Stock markets are efficient in that they incorporate, and even anticipate, information about companies based on financial accounting data provided by companies. However, market efficiency results from extensive analysis performed by financial analysts. Much of this financial analysis is based on the analysis of financial information provided by companies and analyzed using financial ratio analysis. The goal of this book is to provide a step-by-step demonstration of how to download data from Internet sources, transfer the data into a spreadsheet, and conduct a financial ratio analysis of Coca-Cola. The book shows the steps needed to perform a financial ratio analysis, the financial statements to be retrieved from EDGAR, and the five categories of financial ratios used in the financial analysis of Coca-Cola. The data retrieved from the financial statements is copied to a worksheet and used to compute and graph the financial ratios. The ratios and graphs are used to determine the performance drivers of Coca-Cola.</subfield>
      </datafield>
      <datafield ind1=" " ind2=" " tag="588">
         <subfield code="a">Title from PDF title page (viewed on October 13, 2014).</subfield>
      </datafield>
      <datafield ind1=" " ind2=" " tag="596">
         <subfield code="a">44</subfield>
      </datafield>
      <datafield ind1="2" ind2="0" tag="610">
         <subfield code="a">Coca-Cola Company</subfield>
         <subfield code="x">Accounting.</subfield>
         <subfield code="0">http://id.loc.gov/authorities/names/n80020347</subfield>
      </datafield>
      <datafield ind1=" " ind2="0" tag="650">
         <subfield code="a">Financial statements</subfield>
         <subfield code="v">Case studies.</subfield>
         <subfield code="0">http://id.loc.gov/authorities/subjects/sh2008120583</subfield>
      </datafield>
      <datafield ind1="1" ind2=" " tag="700">
         <subfield code="a">Gardner, John C.,</subfield>
         <subfield code="e">author.</subfield>
         <subfield code="0">http://id.loc.gov/authorities/names/n94108287</subfield>
         <subfield code="0">http://viaf.org/viaf/45769964</subfield>
      </datafield>
      <datafield ind1="1" ind2=" " tag="700">
         <subfield code="a">Moeller, Susan E.,</subfield>
         <subfield code="e">author.</subfield>
         <subfield code="0">http://id.loc.gov/authorities/names/n88179282</subfield>
         <subfield code="0">http://viaf.org/viaf/31094317</subfield>
      </datafield>
      <datafield ind1=" " ind2=" " tag="758">
         <subfield code="0">http://worldcat.org/entity/work/id/2487662175</subfield>
      </datafield>
      <datafield ind1="0" ind2=" " tag="787">
         <subfield code="n">OCLC Work Id</subfield>
         <subfield code="o">http://worldcat.org/entity/work/id/2487662175</subfield>
      </datafield>
      <datafield ind1=" " ind2="0" tag="830">
         <subfield code="a">Finance and financial management collection</subfield>
         <subfield code="x">2331-0057.</subfield>
         <subfield code="0">http://id.loc.gov/authorities/names/no2013114944</subfield>
      </datafield>
      <datafield ind1="4" ind2="0" tag="856">
         <subfield code="3">University of Alberta Access</subfield>
         <subfield code="u">http://site.ebrary.com/lib/ualbertagep/Doc?id=10951841</subfield>
         <subfield code="z">(Unlimited Concurrent Users)</subfield>
      </datafield>
      <datafield ind1=" " ind2=" " tag="949">
         <subfield code="h">UAIN</subfield>
         <subfield code="z">EBRARYBEP</subfield>
      </datafield>
      <datafield ind1=" " ind2=" " tag="926">
         <subfield code="a">Internet Access</subfield>
         <subfield code="w">LC</subfield>
         <subfield code="c">1</subfield>
         <subfield code="i">6714810-1001</subfield>
         <subfield code="l">INTERNET</subfield>
         <subfield code="m">UAINTERNET</subfield>
         <subfield code="r">Y</subfield>
         <subfield code="s">Y</subfield>
         <subfield code="t">E-RESOURCE</subfield>
         <subfield code="u">10/31/2014</subfield>
         <subfield code="x">E-BOOK</subfield>
         <subfield code="z">EBRARYBEP</subfield>
      </datafield>
   </record>
</collection>
